@article{DBLP:journals/ai/Dung95,
  author    = {Phan Minh Dung},
  title     = {On the Acceptability of Arguments and its Fundamental Role in Nonmonotonic
               Reasoning, Logic Programming and n-Person Games},
  journal   = {Artificial Intelligence},
  volume    = {77},
  number    = {2},
  pages     = {321--358},
  year      = {1995},
  url       = {http://dx.doi.org/10.1016/0004-3702(94)00041-X},
  doi       = {10.1016/0004-3702(94)00041-X},
  timestamp = {Wed, 19 Nov 2003 16:01:09 +0100},
  biburl    = {http://dblp.uni-trier.de/rec/bib/journals/ai/Dung95},
  bibsource = {dblp computer science bibliography, http://dblp.org}
}

@book{handbooknms,
  title={Handbook of normative multiagent systems},
  author={Amit Chopra and Leon {van der Torre} and Harko Verhagen and Serena Villata},
  isbn={ },
  lccn={ },
  url={ },
  year={2018},
  publisher={College Publications}
}


@book{DBLP:books/daglib/0033440,
  author    = {Beishui Liao},
  title     = {Efficient Computation of Argumentation Semantics},
  series    = {Intelligent systems series},
  publisher = {Academic Press},
  year      = {2014},
  url       = {http://store.elsevier.com/product.jsp?isbn=9780124104068},
  isbn      = {978-0-12-410406-8},
  timestamp = {Wed, 09 Jul 2014 18:36:41 +0200},
  biburl    = {https://dblp.org/rec/bib/books/daglib/0033440},
  bibsource = {dblp computer science bibliography, https://dblp.org}
}

@inproceedings{DBLP:conf/aaai/ZengMLC18,
  author    = {Zhiwei Zeng and
               Chunyan Miao and
               Cyril Leung and
               Jing Jih Chin},
  title     = {Building More Explainable Artificial Intelligence With Argumentation},
  booktitle = {Proceedings of the Thirty-Second {AAAI} Conference on Artificial Intelligence,
               New Orleans, Louisiana, USA, February 2-7, 2018},
  pages     = {8044--8046},
  year      = {2018},
  crossref  = {DBLP:conf/aaai/2018},
  url       = {https://www.aaai.org/ocs/index.php/AAAI/AAAI18/paper/view/16762},
  timestamp = {Mon, 22 Oct 2018 11:04:54 +0200},
  biburl    = {https://dblp.org/rec/bib/conf/aaai/ZengMLC18},
  bibsource = {dblp computer science bibliography, https://dblp.org}
}

@inproceedings{DBLP:conf/ijcai/ShihCD18,
  author    = {Andy Shih and
               Arthur Choi and
               Adnan Darwiche},
  title     = {A Symbolic Approach to Explaining Bayesian Network Classifiers},
  booktitle = {Proceedings of the Twenty-Seventh International Joint Conference on
               Artificial Intelligence, {IJCAI} 2018, July 13-19, 2018, Stockholm,
               Sweden.},
  pages     = {5103--5111},
  year      = {2018},
  crossref  = {DBLP:conf/ijcai/2018},
  url       = {https://doi.org/10.24963/ijcai.2018/708},
  doi       = {10.24963/ijcai.2018/708},
  timestamp = {Sat, 28 Jul 2018 14:39:21 +0200},
  biburl    = {https://dblp.org/rec/bib/conf/ijcai/ShihCD18},
  bibsource = {dblp computer science bibliography, https://dblp.org}
}

@inproceedings{DBLP:conf/comma/CyrasST16,
  author    = {Kristijonas \v{C}yras and
               Ken Satoh and
               Francesca Toni},
  title     = {Explanation for Case-Based Reasoning via Abstract Argumentation},
  booktitle = {Computational Models of Argument - Proceedings of {COMMA} 2016, Potsdam,
               Germany, 12-16 September, 2016.},
  pages     = {243--254},
  year      = {2016},
  crossref  = {DBLP:conf/comma/2016},
  url       = {https://doi.org/10.3233/978-1-61499-686-6-243},
  doi       = {10.3233/978-1-61499-686-6-243},
  timestamp = {Tue, 23 May 2017 01:12:16 +0200},
  biburl    = {https://dblp.org/rec/bib/conf/comma/CyrasST16},
  bibsource = {dblp computer science bibliography, https://dblp.org}
}

@inproceedings{Cocarascu2018,
  author    = {Oana Cocarascu and Kristijonas \v{C}yras and
               Francesca Toni},
  title     = {Explanatory Predictions with Artificial Neural Networks and Argumentation},
  booktitle = {Proceedings of the IJCAI/ECAI Workshop on Explainable Artificial Intelligence (XAI 2018)},
  pages     = {26--32},
  year      = {2018}
}

@inproceedings{DBLP:conf/ijcai/RagoCT18,
  author    = {Antonio Rago and
               Oana Cocarascu and
               Francesca Toni},
  title     = {Argumentation-Based Recommendations: Fantastic Explanations and How to Find Them},
  booktitle = {Proceedings of the Twenty-Seventh International Joint Conference on
               Artificial Intelligence, {IJCAI} 2018, July 13-19, 2018, Stockholm,
               Sweden.},
  pages     = {1949--1955},
  year      = {2018},
  crossref  = {DBLP:conf/ijcai/2018},
  url       = {https://doi.org/10.24963/ijcai.2018/269},
  doi       = {10.24963/ijcai.2018/269},
  timestamp = {Sat, 28 Jul 2018 14:39:21 +0200},
  biburl    = {https://dblp.org/rec/bib/conf/ijcai/RagoCT18},
  bibsource = {dblp computer science bibliography, https://dblp.org}
}

@article{DBLP:journals/pieee/Anderson18,
  author    = {Michael Anderson and
               Susan Leigh Anderson and
               Vincent Berenz},
  journal={Proceedings of the IEEE, DOI: 10.1109/JPROC.2018.2840045, },     
  title     = {A Value-Driven Eldercare Robot: Virtual and Physical Instantiations of a Case- Supported Principle-Based Behavior Paradigm},
  pages     = {1--15},
  year      = {2018},
  doi = {10.1109/JPROC.2018.2840045}
 }
 
 @article{DBLP:journals/ai/LiaoJK11,
  author    = {Bei Shui Liao and
               Li Jin and
               Robert C. Koons},
  title     = {Dynamics of argumentation systems: {A} division-based method},
  journal   = {Artif. Intell.},
  volume    = {175},
  number    = {11},
  pages     = {1790--1814},
  year      = {2011},
  url       = {https://doi.org/10.1016/j.artint.2011.03.006},
  doi       = {10.1016/j.artint.2011.03.006},
  timestamp = {Sat, 27 May 2017 14:24:42 +0200},
  biburl    = {https://dblp.org/rec/bib/journals/ai/LiaoJK11},
  bibsource = {dblp computer science bibliography, https://dblp.org}
}
maintained by Schloss Dagstuhl LZI at University of Trier	homebrowsesearchabout

 
 @inproceedings{DBLP:conf/atal/ZengFMLCO18,
  author    = {Zhiwei Zeng and
               Xiuyi Fan and
               Chunyan Miao and
               Cyril Leung and
               Jing Jih Chin and
               Yew{-}Soon Ong},
  title     = {Context-based and Explainable Decision Making with Argumentation},
  booktitle = {Proceedings of the 17th International Conference on Autonomous Agents
               and MultiAgent Systems, {AAMAS} 2018, Stockholm, Sweden, July 10-15,
               2018},
  pages     = {1114--1122},
  year      = {2018},
  crossref  = {DBLP:conf/atal/2018},
  url       = {http://dl.acm.org/citation.cfm?id=3237862},
  timestamp = {Mon, 16 Jul 2018 09:21:17 +0200},
  biburl    = {https://dblp.org/rec/bib/conf/atal/ZengFMLCO18},
  bibsource = {dblp computer science bibliography, https://dblp.org}
}

 
 @inproceedings{DBLP:conf/aaai/FanT15,
  author    = {Xiuyi Fan and
               Francesca Toni},
  title     = {On Computing Explanations in Argumentation},
  booktitle = {Proceedings of the Twenty-Ninth {AAAI} Conference on Artificial Intelligence,
               January 25-30, 2015, Austin, Texas, {USA.}},
  pages     = {1496--1502},
  year      = {2015},
  crossref  = {DBLP:conf/aaai/2015},
  url       = {http://www.aaai.org/ocs/index.php/AAAI/AAAI15/paper/view/9872},
  timestamp = {Sun, 12 Apr 2015 15:18:08 +0200},
  biburl    = {https://dblp.org/rec/bib/conf/aaai/FanT15},
  bibsource = {dblp computer science bibliography, https://dblp.org}
}

 
 @article{DBLP:journals/corr/abs-1806-08055,
  author    = {Prashan Madumal and
               Tim Miller and
               Frank Vetere and
               Liz Sonenberg},
  title     = {Towards a Grounded Dialog Model for Explainable Artificial Intelligence},
  journal   = {CoRR},
  volume    = {abs/1806.08055},
  year      = {2018},
  url       = {http://arxiv.org/abs/1806.08055},
  archivePrefix = {arXiv},
  eprint    = {1806.08055},
  timestamp = {Mon, 13 Aug 2018 16:47:08 +0200},
  biburl    = {https://dblp.org/rec/bib/journals/corr/abs-1806-08055},
  bibsource = {dblp computer science bibliography, https://dblp.org}
}

@article{DBLP:journals/argcom/ModgilP14,
  author    = {Sanjay Modgil and
               Henry Prakken},
  title     = {The \emph{ASPIC}\({}^{\mbox{+}}\) framework for structured argumentation:
               a tutorial},
  journal   = {Argument {\&} Computation},
  volume    = {5},
  number    = {1},
  pages     = {31--62},
  year      = {2014},
  url       = {https://doi.org/10.1080/19462166.2013.869766},
  doi       = {10.1080/19462166.2013.869766},
  timestamp = {Wed, 14 Jun 2017 20:33:11 +0200},
  biburl    = {https://dblp.org/rec/bib/journals/argcom/ModgilP14},
  bibsource = {dblp computer science bibliography, https://dblp.org}
}

@inproceedings{DBLP:conf/aaai/AndersonAB17,
  author    = {Michael Anderson and
               Susan Leigh Anderson and
               Vincent Berenz},
  title     = {A Value Driven Agent: Instantiation of a Case-Supported Principle-Based
               Behavior Paradigm},
  booktitle = {AI, Ethics, and Society, Papers from the 2017 {AAAI} Workshop, San
               Francisco, California, USA, February 4, 2017.},
  year      = {2017},
  crossref  = {DBLP:conf/aaai/2017ethics},
  url       = {http://aaai.org/ocs/index.php/WS/AAAIW17/paper/view/15065},
  timestamp = {Tue, 06 Mar 2018 19:41:01 +0100},
  biburl    = {https://dblp.org/rec/bib/conf/aaai/AndersonAB17},
  bibsource = {dblp computer science bibliography, https://dblp.org}
}


@article{DBLP:journals/ker/BaroniCG11,
  author    = {Pietro Baroni and
               Martin Caminada and
               Massimiliano Giacomin},
  title     = {An introduction to argumentation semantics},
  journal   = {Knowledge Eng. Review},
  volume    = {26},
  number    = {4},
  pages     = {365--410},
  year      = {2011},
  url       = {https://doi.org/10.1017/S0269888911000166},
  doi       = {10.1017/S0269888911000166},
  timestamp = {Tue, 06 Jun 2017 22:25:23 +0200},
  biburl    = {https://dblp.org/rec/bib/journals/ker/BaroniCG11},
  bibsource = {dblp computer science bibliography, https://dblp.org}
}

@inproceedings{DBLP:conf/agents/BroersenDHHT01,
  author    = {Jan M. Broersen and
               Mehdi Dastani and
               Joris Hulstijn and
               Zhisheng Huang and
               Leendert W. N. van der Torre},
  title     = {The {BOID} architecture: conflicts between beliefs, obligations, intentions
               and desires},
  booktitle = {Proceedings of the Fifth International Conference on Autonomous Agents,
               {AGENTS} 2001, Montreal, Canada, May 28 - June 1, 2001},
  pages     = {9--16},
  year      = {2001},
  crossref  = {DBLP:conf/agents/2001},
  url       = {http://doi.acm.org/10.1145/375735.375766},
  doi       = {10.1145/375735.375766},
  timestamp = {Sat, 24 Feb 2018 23:21:35 +0100},
  biburl    = {https://dblp.org/rec/bib/conf/agents/BroersenDHHT01},
  bibsource = {dblp computer science bibliography, https://dblp.org}
}

@article{DBLP:journals/ai/AtkinsonB18,
  author    = {Katie Atkinson and
               Trevor J. M. Bench{-}Capon},
  title     = {Taking account of the actions of others in value-based reasoning},
  journal   = {Artif. Intell.},
  volume    = {254},
  pages     = {1--20},
  year      = {2018},
  url       = {https://doi.org/10.1016/j.artint.2017.09.002},
  doi       = {10.1016/j.artint.2017.09.002},
  timestamp = {Mon, 27 Nov 2017 18:06:06 +0100},
  biburl    = {https://dblp.org/rec/bib/journals/ai/AtkinsonB18},
  bibsource = {dblp computer science bibliography, https://dblp.org}
}

@article{VANDERELST201856,
title = "An architecture for ethical robots inspired by the simulation theory of cognition",
journal = "Cognitive Systems Research",
volume = "48",
pages = "56 - 66",
year = "2018",
issn = "1389-0417",
doi = "https://doi.org/10.1016/j.cogsys.2017.04.002",
url = "http://www.sciencedirect.com/science/article/pii/S1389041716302005",
author = "Dieter Vanderelst and Alan Winfield",
keywords = "Ethical robots, Self-simulation, Simulation theory, Machine ethics, Machine Morality"
}

@InProceedings{sarathyetal2017coginfocom,
    author={Vasanth Sarathy and Matthias Scheutz and Bertram Malle},
    title={Learning Behavioral Norms in Uncertain and Changing Contexts},
    booktitle={Proceedings of the 2017 8th IEEE International Conference on Cognitive Infocommunications (CogInfoCom)},
    year={2017},
    projects={norm,mc},
    topics={learn,ethics,moral},
    synopsis={We demonstrate a novel cognitive capability with which an agent can dynamically learn norms while being exposed to distinct contexts, recognizing the unique identity of each context and the norms that apply in it.},
}

@ARTICLE{DBLP:journals/pieee/Anderson19, 
author={M. Anderson and S. L. Anderson and V. Berenz}, 
journal={Proceedings of the IEEE, DOI: 10.1109/JPROC.2018.2840045,}, 
title={A Value-Driven Eldercare Robot: Virtual and Physical Instantiations of a Case-Supported Principle-Based Behavior Paradigm}, 
year={2018}, 
volume={}, 
number={}, 
pages={1-15}, 
keywords={Autonomous systems;Ethics;Computer science;Autonomous automobiles;Rescue robots;Coherence;Artificial intelligence;computer science;machine ethics;machine learning;robotics}, 
doi={10.1109/JPROC.2018.2840045}, 
ISSN={0018-9219}, 
month={},}